@Manual{R2017,
	title = {R: A Language and Environment for Statistical Computing},
	author = {{R Core Team}},
	organization = {R Foundation for Statistical Computing},
	address = {Vienna, Austria},
	year = {2017},
	url = {https://www.R-project.org/},
}

@Manual{gGpackage,
	title = {gridGraphics: Redraw Base Graphics Using 'grid' Graphics},
	author = {Paul Murrell},
	year = {2017},
	note = {R package version 0.2},
	url = {https://CRAN.R-project.org/package=gridGraphics},
}

@ARTICLE
{
	gGarticle,
	author = {Paul Murrell},
	title = {The gridGraphics Package},
	journal = {R Journal},
	pages = {151-162},
	volume = {7},
	number = {1},
	year = {2015},
}


@online{
	gGgitPaul,
	author = {Paul Murrell},
	title = {gridgraphics},
	year = {2017},
	url = {https://github.com/pmur002/gridgraphics},
	urldate = {2017-06-07}
}

@online{
	gGgitWen,
	author = {Zhijian Wen},
	title = {gridgraphics},
	year = {2017},
	url = {https://github.com/yeamin1/gridgraphics},
	urldate = {2017-06-07}
}



@Manual{
	gridSVG,
	title = {gridSVG: Export 'grid' Graphics as SVG},
	author = {Paul Murrell and Simon Potter},
	year = {2017},
	note = {R package version 1.5-1},
	url = {https://CRAN.R-project.org/package=gridSVG},
}


@Book{
	lattice,
	title = {Lattice: Multivariate Data Visualization with R},
	author = {Deepayan Sarkar},
	publisher = {Springer},
	address = {New York},
	year = {2008},
	note = {ISBN 978-0-387-75968-5},
	url = {http://lmdvr.r-forge.r-project.org},
}

@Book{
	ggplot2,
	author = {Hadley Wickham},
	title = {ggplot2: Elegant Graphics for Data Analysis},
	publisher = {Springer-Verlag New York},
	year = {2009},
	isbn = {978-0-387-98140-6},
	url = {http://ggplot2.org},
}

@Article{
	plotrix,
	year = {2006},
	title = {Plotrix: a package in the red light district of R},
	journal = {R-News},
	volume = {6},
	number = {4},
	pages = {8-12},
	author = {Lemon J},
}

@Manual{
	maps,
	title = {maps: Draw Geographical Maps},
	author = {Richard A. Becker and Allan R. Wilks. R version by Ray Brownrigg Thomas P Minka and Alex Deckmyn.},
	year = {2016},
	note = {R package version 3.1.1},
	url = {https://CRAN.R-project.org/package=maps},
}


@online{
	ImageMagick,
	author = {{ImageMagick Studio LLC}},
	title = {ImageMagick},
	year = {2017},
	url = {http://www.imagemagick.org/},
}

@book{
  javascript,
  title={JavaScript: the definitive guide},
  author={Flanagan, David},
  year={2006},
  publisher={" O'Reilly Media, Inc."},
}

@book{
    SVG,
    title={Scalable vector graphics (SVG) 1.0 specification},
    author={Ferraiolo, Jon and Jun, Fujisawa and Jackson, Dean},
    year={2000},
    publisher={iuniverse}
}